% UNIT 2: Overview of ML approaches to Cog Neuro 

% 2.1
@article{BARRETT201955,
title = {Analyzing biological and artificial neural networks: challenges with opportunities for synergy?},
journal = {Current Opinion in Neurobiology},
volume = {55},
pages = {55-64},
year = {2019},
note = {Machine Learning, Big Data, and Neuroscience},
issn = {0959-4388},
doi = {https://doi.org/10.1016/j.conb.2019.01.007},
url = {https://www.sciencedirect.com/science/article/pii/S0959438818301569},
author = {David GT Barrett and Ari S Morcos and Jakob H Macke}
}

% 2.2
@article{SPICER201997,
title = {What does the mind learn? A comparison of human and machine learning representations},
journal = {Current Opinion in Neurobiology},
volume = {55},
pages = {97-102},
year = {2019},
note = {Machine Learning, Big Data, and Neuroscience},
issn = {0959-4388},
doi = {https://doi.org/10.1016/j.conb.2019.02.004},
url = {https://www.sciencedirect.com/science/article/pii/S095943881830103X},
author = {Jake Spicer and Adam N Sanborn}
}

% UNIT 3: Psychology pf Concepts and Categories

% 3.1
@article{article,
author = {Murphy, Gregory},
year = {2002},
month = {01},
pages = {},
title = {The Big Book of Concepts}
}

% UNIT 4: Modeling Concepts

% 4.1
@article{Mitchell2008PredictingHB,
  title={Predicting Human Brain Activity Associated with the Meanings of Nouns},
  author={Tom Michael Mitchell and Svetlana V. Shinkareva and Andrew Carlson and Kai-min Kevin Chang and Vicente L. Malave and Robert A. Mason and Marcel Adam Just},
  journal={Science},
  year={2008},
  volume={320},
  pages={1191 - 1195},
  url={https://api.semanticscholar.org/CorpusID:6105164}
}

% 4.2
@inproceedings{fyshe-etal-2014-interpretable,
    title = "Interpretable Semantic Vectors from a Joint Model of Brain- and Text- Based Meaning",
    author = "Fyshe, Alona  and
      Talukdar, Partha P.  and
      Murphy, Brian  and
      Mitchell, Tom M.",
    editor = "Toutanova, Kristina  and
      Wu, Hua",
    booktitle = "Proceedings of the 52nd Annual Meeting of the Association for Computational Linguistics (Volume 1: Long Papers)",
    month = jun,
    year = "2014",
    address = "Baltimore, Maryland",
    publisher = "Association for Computational Linguistics",
    url = "https://aclanthology.org/P14-1046",
    doi = "10.3115/v1/P14-1046",
    pages = "489--499",
}

% 4.3
@inproceedings{lake-2015-deep,
title = "Deep Neural Networks Predict Category Typicality Ratings for Images",
keywords = "categorization, deep learning, neural networks, object recognition, typicality",
author = "Lake, {Brenden M.} and Wojciech Zaremba and Rob Fergus and Gureckis, {Todd M.}",
note = "Publisher Copyright: {\textcopyright} Cognitive Science Society, CogSci 2015.All rights reserved.; 37th Annual Meeting of the Cognitive Science Society: Mind, Technology, and Society, CogSci 2015 ; Conference date: 23-07-2015 Through 25-07-2015",
year = "2015",
language = "English (US)",
series = "Proceedings of the 37th Annual Meeting of the Cognitive Science Society, CogSci 2015",
publisher = "The Cognitive Science Society",
pages = "1243--1248",
editor = "Noelle, {David C.} and Rick Dale and Anne Warlaumont and Jeff Yoshimi and Teenie Matlock and Jennings, {Carolyn D.} and Maglio, {Paul P.}",
booktitle = "Proceedings of the 37th Annual Meeting of the Cognitive Science Society, CogSci 2015",
}

% 4.4
@misc{fong2017using,
      title={Using Human Brain Activity to Guide Machine Learning}, 
      author={Ruth Fong and Walter Scheirer and David Cox},
      year={2017},
      eprint={1703.05463},
      archivePrefix={arXiv},
      primaryClass={cs.CV}
}

% 4.5
@misc{zhang2017understanding,
      title={Understanding deep learning requires rethinking generalization}, 
      author={Chiyuan Zhang and Samy Bengio and Moritz Hardt and Benjamin Recht and Oriol Vinyals},
      year={2017},
      eprint={1611.03530},
      archivePrefix={arXiv},
      primaryClass={cs.LG}
}

% UNIT 5: Modeling Human Representational Geometry 

% 5.1
@article{https://doi.org/10.1111/cogs.12670,
author = {Peterson, Joshua C. and Abbott, Joshua T. and Griffiths, Thomas L.},
title = {Evaluating (and Improving) the Correspondence Between Deep Neural Networks and Human Representations},
journal = {Cognitive Science},
volume = {42},
number = {8},
pages = {2648-2669},
keywords = {Artificial intelligence, Similarity, Categorization, Neural networks},
doi = {https://doi.org/10.1111/cogs.12670},
url = {https://onlinelibrary.wiley.com/doi/abs/10.1111/cogs.12670},
eprint = {https://onlinelibrary.wiley.com/doi/pdf/10.1111/cogs.12670},
year = {2018}
}

% 5.2
@article{10.1093/scan/nsz099,
    author = {Popal, Haroon and Wang, Yin and Olson, Ingrid R},
    title = "{A Guide to Representational Similarity Analysis for Social Neuroscience}",
    journal = {Social Cognitive and Affective Neuroscience},
    volume = {14},
    number = {11},
    pages = {1243-1253},
    year = {2020},
    month = {01},
    issn = {1749-5016},
    doi = {10.1093/scan/nsz099},
    url = {https://doi.org/10.1093/scan/nsz099},
    eprint = {https://academic.oup.com/scan/article-pdf/14/11/1243/32789192/nsz099.pdf},
}

% 5.3
@misc{hu2016network,
      title={Network Trimming: A Data-Driven Neuron Pruning Approach towards Efficient Deep Architectures}, 
      author={Hengyuan Hu and Rui Peng and Yu-Wing Tai and Chi-Keung Tang},
      year={2016},
      eprint={1607.03250},
      archivePrefix={arXiv},
      primaryClass={cs.NE}
}


% UNIT 6: Human Memory and Learning 
% 1. Long and short term memory. 
% 2. Auditory and Visual memory. 
% 3. Computational modeling of associative memory. 
% 4. Error based learning and Surprise 

% 6.5
@article{article,
author = {Notaro, Giuseppe and Hasson, Uri},
year = {2021},
month = {03},
pages = {},
title = {Semantically predictable input streams impede gaze-orientation to surprising locations},
volume = {139},
journal = {Cortex},
doi = {10.1016/j.cortex.2021.03.009}
}


% UNIT 7: Language 

% 7.1
@article{article,
author = {Frank, Stefan and Bod, Rens},
year = {2011},
month = {06},
pages = {829-34},
title = {Insensitivity of the Human Sentence-Processing System to Hierarchical Structure},
volume = {22},
journal = {Psychological science},
doi = {10.1177/0956797611409589}
}

% 7.2
@article{article,
author = {Hagoort, Peter and Hald, Lea and Bastiaansen, Marcel and Petersson, Karl Magnus},
year = {2004},
month = {05},
pages = {438-41},
title = {Integration of Word Meaning and World Knowledge in Language Comprehension},
volume = {304},
journal = {Science (New York, N.Y.)},
doi = {10.1126/science.1095455}
}

% 7.3
@article{article,
author = {Russo, Andrea and Martino, Maria and Mancuso, Azzurra and Iaconetta, Giorgio and Manara, Renzo and Elia, Annibale and Laudanna, Alessandro and Salle, Francesco and Esposito, Fabrizio},
year = {2020},
month = {08},
pages = {117281},
title = {Semantics-weighted Lexical Surprisal Modeling of Naturalistic Functional MRI Time-Series during Spoken Narrative Listening},
volume = {222},
journal = {NeuroImage},
doi = {10.1016/j.neuroimage.2020.117281}
}

% 7.4
@article{article,
author = {Levy, Roger},
year = {2008},
month = {04},
pages = {1126-77},
title = {Expectation-Based syntactic comprehension},
volume = {106},
journal = {Cognition},
doi = {10.1016/j.cognition.2007.05.006}
}


% UNIT 8: Attention 
% 1. Auditory Attention 
% 2. Visual Attention and Salience maps 

% 8.1
@misc{palazzo2020decoding,
      title={Decoding Brain Representations by Multimodal Learning of Neural Activity and Visual Features}, 
      author={Simone Palazzo and Concetto Spampinato and Isaak Kavasidis and Daniela Giordano and Joseph Schmidt and Mubarak Shah},
      year={2020},
      eprint={1810.10974},
      archivePrefix={arXiv},
      primaryClass={cs.CV}
}

% 8.2
@article{article,
author = {Henderson, John and Hayes, Taylor},
year = {2018},
month = {06},
pages = {},
title = {Meaning guides attention in real-world scene images: Evidence from eye movements and meaning maps},
volume = {18},
journal = {Journal of Vision},
doi = {10.1167/18.6.10}
}

Time allowing UNIT 9: Networks and their errors: the view from neuroscience 

1. †Nguyen, A., Yosinski, J., & Clune, J. (2015). Deep neural networks are easily fooled: High confidence predictions for unrecognizable images [arXiv: 1412.1897]. arXiv:1412.1897 [cs]. http://arxiv.org/ abs/1412.1897 

2. †Szegedy, C., Zaremba, W., Sutskever, I., Bruna, J., Erhan, D., Goodfellow, I., & Fergus, R. (2014). Intriguing properties of neural networks [arXiv: 1312.6199]. arXiv:1312.6199 [cs]. http://arxiv.org/ abs/1312.6199 

3. !Goodfellow, I. J., Shlens, J., & Szegedy, C. (2015). Explaining and harnessing adversarial examples [arXiv: 1412.6572]. arXiv:1412.6572 [cs, stat]. http://arxiv.org/abs/1412.6572
